@Article{Thompson2015,
   Author="Thompson, P. M.  and Andreassen, O. A.  and Arias-Vasquez, A.  and Bearden, C. E.  and Boedhoe, P. S.  and Brouwer, R. M.  and Buckner, R. L.  and Buitelaar, J. K.  and Bulayeva, K. B.  and Cannon, D. M.  and Cohen, R. A.  and Conrod, P. J.  and Dale, A. M.  and Deary, I. J.  and Dennis, E. L.  and de Reus, M. A.  and Desrivieres, S.  and Dima, D.  and Donohoe, G.  and Fisher, S. E.  and Fouche, J. P.  and Francks, C.  and Frangou, S.  and Franke, B.  and Ganjgahi, H.  and Garavan, H.  and Glahn, D. C.  and Grabe, H. J.  and Guadalupe, T.  and Gutman, B. A.  and Hashimoto, R.  and Hibar, D. P.  and Holland, D.  and Hoogman, M.  and Pol, H. E.  and Hosten, N.  and Jahanshad, N.  and Kelly, S.  and Kochunov, P.  and Kremen, W. S.  and Lee, P. H.  and Mackey, S.  and Martin, N. G.  and Mazoyer, B.  and McDonald, C.  and Medland, S. E.  and Morey, R. A.  and Nichols, T. E.  and Paus, T.  and Pausova, Z.  and Schmaal, L.  and Schumann, G.  and Shen, L.  and Sisodiya, S. M.  and Smit, D. J.  and Smoller, J. W.  and Stein, D. J.  and Stein, J. L.  and Toro, R.  and Turner, J. A.  and van den Heuvel, M. P.  and van den Heuvel, O. L.  and van Erp, T. G.  and van Rooij, D.  and Veltman, D. J.  and Walter, H.  and Wang, Y.  and Wardlaw, J. M.  and Whelan, C. D.  and Wright, M. J.  and Ye, J. ",
   Title="{{E}{N}{I}{G}{M}{A} and the individual: {P}redicting factors that affect the brain in 35 countries worldwide}",
   Journal="Neuroimage",
   Year="2015",
   Pages=" ",
   Month="Dec",
   Abstract={In this review, we discuss recent work by the ENIGMA Consortium (http://enigma.ini.usc.edu) - a global alliance of over 500 scientists spread across 200 institutions in 35 countries collectively analyzing brain imaging, clinical, and genetic data. Initially formed to detect genetic influences on brain measures, ENIGMA has grown to over 30 working groups studying 12 major brain diseases by pooling and comparing brain data. In some of the largest neuroimaging studies to date - of schizophrenia and major depression - ENIGMA has found replicable disease effects on the brain that are consistent worldwide, as well as factors that modulate disease effects. In partnership with other consortia including ADNI, CHARGE, IMAGEN and others(1), ENIGMA's genomic screens - now numbering over 30,000 MRI scans - have revealed at least 8 genetic loci that affect brain volumes. Downstream of gene findings, ENIGMA has revealed how these individual variants - and genetic variants in general - may affect both the brain and risk for a range of diseases. The ENIGMA consortium is discovering factors that consistently affect brain structure and function that will serve as future predictors linking individual brain scans and genomic data. It is generating vast pools of normative data on brain measures - from tens of thousands of people - that may help detect deviations from normal development or aging in specific groups of subjects. We discuss challenges and opportunities in applying these predictors to individual subjects and new cohorts, as well as lessons we have learned in ENIGMA's efforts so far.},
   Note={[DOI:\href{http://dx.doi.org/10.1016/j.neuroimage.2015.11.057}{10.1016/j.neuroimage.2015.11.057}] [PubMed:\href{http://www.ncbi.nlm.nih.gov/pubmed/26658930}{26658930}] }
}

@Article{Hibar2015,
   Author="Hibar, D. P.  and Stein, J. L.  and Renteria, M. E.  and Arias-Vasquez, A.  and Desrivieres, S.  and Jahanshad, N.  and Toro, R.  and Wittfeld, K.  and Abramovic, L.  and Andersson, M.  and Aribisala, B. S.  and Armstrong, N. J.  and Bernard, M.  and Bohlken, M. M.  and Boks, M. P.  and Bralten, J.  and Brown, A. A.  and Chakravarty, M. M.  and Chen, Q.  and Ching, C. R.  and Cuellar-Partida, G.  and den Braber, A.  and Giddaluru, S.  and Goldman, A. L.  and Grimm, O.  and Guadalupe, T.  and Hass, J.  and Woldehawariat, G.  and Holmes, A. J.  and Hoogman, M.  and Janowitz, D.  and Jia, T.  and Kim, S.  and Klein, M.  and Kraemer, B.  and Lee, P. H.  and Olde Loohuis, L. M.  and Luciano, M.  and Macare, C.  and Mather, K. A.  and Mattheisen, M.  and Milaneschi, Y.  and Nho, K.  and Papmeyer, M.  and Ramasamy, A.  and Risacher, S. L.  and Roiz-Santianez, R.  and Rose, E. J.  and Salami, A.  and Samann, P. G.  and Schmaal, L.  and Schork, A. J.  and Shin, J.  and Strike, L. T.  and Teumer, A.  and van Donkelaar, M. M.  and van Eijk, K. R.  and Walters, R. K.  and Westlye, L. T.  and Whelan, C. D.  and Winkler, A. M.  and Zwiers, M. P.  and Alhusaini, S.  and Athanasiu, L.  and Ehrlich, S.  and Hakobjan, M. M.  and Hartberg, C. B.  and Haukvik, U. K.  and Heister, A. J.  and Hoehn, D.  and Kasperaviciute, D.  and Liewald, D. C.  and Lopez, L. M.  and Makkinje, R. R.  and Matarin, M.  and Naber, M. A.  and McKay, D. R.  and Needham, M.  and Nugent, A. C.  and Putz, B.  and Royle, N. A.  and Shen, L.  and Sprooten, E.  and Trabzuni, D.  and van der Marel, S. S.  and van Hulzen, K. J.  and Walton, E.  and Wolf, C.  and Almasy, L.  and Ames, D.  and Arepalli, S.  and Assareh, A. A.  and Bastin, M. E.  and Brodaty, H.  and Bulayeva, K. B.  and Carless, M. A.  and Cichon, S.  and Corvin, A.  and Curran, J. E.  and Czisch, M.  and de Zubicaray, G. I.  and Dillman, A.  and Duggirala, R.  and Dyer, T. D.  and Erk, S.  and Fedko, I. O.  and Ferrucci, L.  and Foroud, T. M.  and Fox, P. T.  and Fukunaga, M.  and Gibbs, J. R.  and Goring, H. H.  and Green, R. C.  and Guelfi, S.  and Hansell, N. K.  and Hartman, C. A.  and Hegenscheid, K.  and Heinz, A.  and Hernandez, D. G.  and Heslenfeld, D. J.  and Hoekstra, P. J.  and Holsboer, F.  and Homuth, G.  and Hottenga, J. J.  and Ikeda, M.  and Jack, C. R.  and Jenkinson, M.  and Johnson, R.  and Kanai, R.  and Keil, M.  and Kent, J. W.  and Kochunov, P.  and Kwok, J. B.  and Lawrie, S. M.  and Liu, X.  and Longo, D. L.  and McMahon, K. L.  and Meisenzahl, E.  and Melle, I.  and Mohnke, S.  and Montgomery, G. W.  and Mostert, J. C.  and Muhleisen, T. W.  and Nalls, M. A.  and Nichols, T. E.  and Nilsson, L. G.  and Nothen, M. M.  and Ohi, K.  and Olvera, R. L.  and Perez-Iglesias, R.  and Pike, G. B.  and Potkin, S. G.  and Reinvang, I.  and Reppermund, S.  and Rietschel, M.  and Romanczuk-Seiferth, N.  and Rosen, G. D.  and Rujescu, D.  and Schnell, K.  and Schofield, P. R.  and Smith, C.  and Steen, V. M.  and Sussmann, J. E.  and Thalamuthu, A.  and Toga, A. W.  and Traynor, B. J.  and Troncoso, J.  and Turner, J. A.  and Valdes Hernandez, M. C.  and van 't Ent, D.  and van der Brug, M.  and van der Wee, N. J.  and van Tol, M. J.  and Veltman, D. J.  and Wassink, T. H.  and Westman, E.  and Zielke, R. H.  and Zonderman, A. B.  and Ashbrook, D. G.  and Hager, R.  and Lu, L.  and McMahon, F. J.  and Morris, D. W.  and Williams, R. W.  and Brunner, H. G.  and Buckner, R. L.  and Buitelaar, J. K.  and Cahn, W.  and Calhoun, V. D.  and Cavalleri, G. L.  and Crespo-Facorro, B.  and Dale, A. M.  and Davies, G. E.  and Delanty, N.  and Depondt, C.  and Djurovic, S.  and Drevets, W. C.  and Espeseth, T.  and Gollub, R. L.  and Ho, B. C.  and Hoffmann, W.  and Hosten, N.  and Kahn, R. S.  and Le Hellard, S.  and Meyer-Lindenberg, A.  and Muller-Myhsok, B.  and Nauck, M.  and Nyberg, L.  and Pandolfo, M.  and Penninx, B. W.  and Roffman, J. L.  and Sisodiya, S. M.  and Smoller, J. W.  and van Bokhoven, H.  and van Haren, N. E.  and Volzke, H.  and Walter, H.  and Weiner, M. W.  and Wen, W.  and White, T.  and Agartz, I.  and Andreassen, O. A.  and Blangero, J.  and Boomsma, D. I.  and Brouwer, R. M.  and Cannon, D. M.  and Cookson, M. R.  and de Geus, E. J.  and Deary, I. J.  and Donohoe, G.  and Fernandez, G.  and Fisher, S. E.  and Francks, C.  and Glahn, D. C.  and Grabe, H. J.  and Gruber, O.  and Hardy, J.  and Hashimoto, R.  and Hulshoff Pol, H. E.  and Jonsson, E. G.  and Kloszewska, I.  and Lovestone, S.  and Mattay, V. S.  and Mecocci, P.  and McDonald, C.  and McIntosh, A. M.  and Ophoff, R. A.  and Paus, T.  and Pausova, Z.  and Ryten, M.  and Sachdev, P. S.  and Saykin, A. J.  and Simmons, A.  and Singleton, A.  and Soininen, H.  and Wardlaw, J. M.  and Weale, M. E.  and Weinberger, D. R.  and Adams, H. H.  and Launer, L. J.  and Seiler, S.  and Schmidt, R.  and Chauhan, G.  and Satizabal, C. L.  and Becker, J. T.  and Yanek, L.  and van der Lee, S. J.  and Ebling, M.  and Fischl, B.  and Longstreth, W. T.  and Greve, D.  and Schmidt, H.  and Nyquist, P.  and Vinke, L. N.  and van Duijn, C. M.  and Xue, L.  and Mazoyer, B.  and Bis, J. C.  and Gudnason, V.  and Seshadri, S.  and Ikram, M. A.  and Martin, N. G.  and Wright, M. J.  and Schumann, G.  and Franke, B.  and Thompson, P. M.  and Medland, S. E.  and Weiner, M.  and Aisen, P.  and Petersen, R.  and Jack, C. R.  and Jagust, W.  and Trojanowki, J. Q.  and Toga, A. W.  and Beckett, L.  and Green, R. C.  and Saykin, A. J.  and Morris, J.  and Shaw, L. M.  and Khachaturian, Z.  and Sorensen, G.  and Carrillo, M.  and Kuller, L.  and Raichle, M.  and Paul, S.  and Davies, P.  and Fillit, H.  and Hefti, F.  and Holtzman, D.  and Mesulman, M.  and Potter, W.  and Snyder, P.  and Schwartz, A.  and Green, R. C.  and Montine, T.  and Petersen, R.  and Aisen, P.  and Thomas, R. G.  and Donohue, M.  and Walter, S.  and Gessert, D.  and Sather, T.  and Jiminez, G.  and Beckett, L.  and Harvey, D.  and Donohue, M.  and Jack, C. R.  and Bernstein, M.  and Fox, N.  and Thompson, P.  and Schuff, N.  and DeCarli, C.  and Borowski, B.  and Gunter, J.  and Senjem, M.  and Vemuri, P.  and Jones, D.  and Kantarci, K.  and Ward, C.  and Jagust, W.  and Koeppe, R. A.  and Foster, N.  and Reiman, E. M.  and Chen, K.  and Mathis, C.  and Landau, S.  and Morris, J.  and Cairns, N. J.  and Householder, E.  and Taylor-Reinwald, L.  and Trojanowki, J. Q.  and Shaw, L.  and Lee, V. M.  and Korecka, M.  and Figurski, M.  and Toga, A. W.  and Crawford, K.  and Neu, S.  and Saykin, A. J.  and Foroud, T. M.  and Potkin, S.  and Shen, L.  and Faber, K.  and Kim, S.  and Nho, K.  and Weiner, M. W.  and Thal, L.  and Khachaturian, Z.  and Khachaturian, Z.  and Frank, R.  and Snyder, P. J.  and Weiner, M. W.  and Thal, L.  and Buckholtz, N.  and Potter, W.  and Paul, S.  and Albert, M.  and Hsiao, J.  and Kaye, J.  and Quinn, J.  and Lind, B.  and Carter, R.  and Dolen, S.  and Gutman, B. A.  and Schneider, L. S.  and Pawluczyk, S.  and Beccera, M.  and Teodoro, L.  and Spann, B. M.  and Brewer, J.  and Vanderswag, H.  and Fleisher, A.  and Heidebrink, J. L.  and Lord, J. L.  and Petersen, R.  and Mason, S. S.  and Albers, C. S.  and Knopman, D.  and Johnson, K.  and Doody, R. S.  and Villanueva-Meyer, J.  and Chowdhury, M.  and Rountree, S.  and Dang, M.  and Stern, Y.  and Honig, L. S.  and Bell, K. L.  and Ances, B.  and Morris, J. C.  and Carroll, M.  and Leon, S.  and Householder, E.  and Mintun, M. A.  and Schneider, S.  and Oliver, A.  and Marson, D.  and Griffith, R.  and Clark, D.  and Geldmacher, D.  and Brockington, J.  and Roberson, E.  and Grossman, H.  and Mitsis, E.  and deToledo-Morrell, L.  and Shah, R. C.  and Duara, R.  and Varon, D.  and Greig, M. T.  and Roberts, P.  and Albert, M.  and Onyike, C.  and D'Agostino, D.  and Kielb, S.  and Galvin, J. E.  and Pogorelec, D. M.  and Cerbone, B.  and Michel, C. A.  and Rusinek, H.  and de Leon, M. J.  and Glodzik, L.  and De Santi, S.  and Doraiswamy, P.  and Petrella, J. R.  and Wong, T. Z.  and Arnold, S. E.  and Karlawish, J. H.  and Wolk, D.  and Smith, C. D.  and Jicha, G.  and Hardy, P.  and Sinha, P.  and Oates, E.  and Conrad, G.  and Lopez, O. L.  and Oakley, M.  and Simpson, D. M.  and Porsteinsson, A. P.  and Goldstein, B. S.  and Martin, K.  and Makino, K. M.  and Ismail, M.  and Brand, C.  and Mulnard, R. A.  and Thai, G.  and Mc-Adams-Ortiz, C.  and Womack, K.  and Mathews, D.  and Quiceno, M.  and Diaz-Arrastia, R.  and King, R.  and Weiner, M.  and Martin-Cook, K.  and DeVous, M.  and Levey, A. I.  and Lah, J. J.  and Cellar, J. S.  and Burns, J. M.  and Anderson, H. S.  and Swerdlow, R. H.  and Apostolova, L.  and Tingus, K.  and Woo, E.  and Silverman, D. H.  and Lu, P. H.  and Bartzokis, G.  and Graff-Radford, N. R.  and Parfitt, F.  and Kendall, T.  and Johnson, H.  and Farlow, M. R.  and Hake, A. M.  and Matthews, B. R.  and Herring, S.  and Hunt, C.  and van Dyck, C. H.  and Carson, R. E.  and MacAvoy, M. G.  and Chertkow, H.  and Bergman, H.  and Hosein, C.  and Black, S.  and Stefanovic, B.  and Caldwell, C.  and Hsiung, Y. R.  and Feldman, H.  and Mudge, B.  and Assaly, M.  and Kertesz, A.  and Rogers, J.  and Trost, D.  and Bernick, C.  and Munic, D.  and Kerwin, D.  and Mesulam, M. M.  and Lipowski, K.  and Wu, C. K.  and Johnson, N.  and Sadowsky, C.  and Martinez, W.  and Villena, T.  and Turner, R. S.  and Johnson, K.  and Reynolds, B.  and Sperling, R. A.  and Johnson, K. A.  and Marshall, G.  and Frey, M.  and Yesavage, J.  and Taylor, J. L.  and Lane, B.  and Rosen, A.  and Tinklenberg, J.  and Sabbagh, M. N.  and Belden, C. M.  and Jacobson, S. A.  and Sirrel, S. A.  and Kowall, N.  and Killiany, R.  and Budson, A. E.  and Norbash, A.  and Johnson, P. L.  and Obisesan, T. O.  and Wolday, S.  and Allard, J.  and Lerner, A.  and Ogrocki, P.  and Hudson, L.  and Fletcher, E.  and Carmichael, O.  and Olichney, J.  and DeCarli, C.  and Kittur, S.  and Borrie, M.  and Lee, T. Y.  and Bartha, R.  and Johnson, S.  and Asthana, S.  and Carlsson, C. M.  and Potkin, S. G.  and Preda, A.  and Nguyen, D.  and Tariot, P.  and Fleisher, A.  and Reeder, S.  and Bates, V.  and Capote, H.  and Rainka, M.  and Scharre, D. W.  and Kataki, M.  and Adeli, A.  and Zimmerman, E. A.  and Celmins, D.  and Brown, A. D.  and Pearlson, G. D.  and Blank, K.  and Anderson, K.  and Santulli, R. B.  and Kitzmiller, T. J.  and Schwartz, E. S.  and Sink, K. M.  and Williamson, J. D.  and Garg, P.  and Watkins, F.  and Ott, B. R.  and Querfurth, H.  and Tremont, G.  and Salloway, S.  and Malloy, P.  and Correia, S.  and Rosen, H. J.  and Miller, B. L.  and Mintzer, J.  and Spicer, K.  and Bachman, D.  and Finger, E.  and Pasternak, S.  and Rachinsky, I.  and Rogers, J.  and Kertesz, A.  and Drost, D.  and Pomara, N.  and Hernando, R.  and Sarrael, A.  and Schultz, S. K.  and Ponto, L. L.  and Shim, H.  and Smith, K. E.  and Relkin, N.  and Chaing, G.  and Raudin, L.  and Smith, A.  and Fargher, K.  and Raj, B. A.  and Amin, N.  and Becker, D.  and Beiser, A.  and Debette, S.  and DeStefano, A.  and Hofer, E.  and Hofman, A.  and Niessen, W. J.  and Seiler, S.  and Smith, A.  and Tzourio, C.  and Vaidya, D.  and Vernooij, M. W.  and Goldstein, D. B.  and Heinzen, E. L.  and Shianna, K.  and Radtke, R.  and Ottmann, R.  and Albrecht, L.  and Andrew, C.  and Arroyo, M.  and Artiges, E.  and Aydin, S.  and Bach, C.  and Banaschewski, T.  and Barbot, A.  and Barker, G.  and Boddaert, N.  and Bokde, A.  and Bricaud, Z.  and Bromberg, U.  and Bruehl, R.  and Buchel, C.  and Cachia, A.  and Cattrell, A.  and Conrod, P.  and Constant, P.  and Crombag, H.  and Czech, K.  and Dalley, J.  and Decideur, B.  and Desrivieres, S.  and Fadai, T.  and Flor, H.  and Frouin, V.  and Fuchs, B.  and Gallinat, J.  and Garavan, H.  and Briand, F. G.  and Gowland, P.  and Head, K.  and Heinrichs, B.  and Heinz, A.  and Heym, N.  and Hubner, T.  and Ihlenfeld, A.  and Ireland, J.  and Ittermann, B.  and Ivanov, N.  and Jia, T.  and Jones, J.  and Klaassen, A.  and Lalanne, C.  and Lathrop, M.  and Lanzerath, D.  and Lemaitre, H.  and Ludemann, K.  and Macare, C.  and Mallik, C.  and Mangin, J. F.  and Mann, K.  and Mar, A.  and Martinot, J. L.  and Massicotte, J.  and Mennigen, E.  and Mesquita de Carvahlo, F.  and Mignon, X.  and Miranda, R.  and Muller, K.  and Nees, F.  and Nymberg, C.  and Paillere, M. L.  and Paus, T.  and Pausova, Z.  and Pena-Oliver, Y.  and Poline, J. B.  and Poustka, L.  and Rapp, M.  and Reed, L.  and Robert, G.  and Reuter, J.  and Rietschel, M.  and Ripke, S.  and Ripley, T.  and Robbins, T.  and Rodehacke, S.  and Rogers, J.  and Romanowski, A.  and Ruggeri, B.  and Schilling, C.  and Schmal, C.  and Schmidt, D.  and Schneider, S.  and Schroeder, M.  and Schubert, F.  and Schwartz, Y.  and Smolka, M.  and Sommer, W.  and Spanagel, R.  and Speiser, C.  and Spranger, T.  and Stedman, A.  and Steiner, S.  and Stephens, D.  and Strache, N.  and Strohle, A.  and Struve, M.  and Subramaniam, N.  and Theobald, D.  and Topper, L.  and Vollstaedt-Klein, S.  and Walaszek, B.  and Walter, H.  and Weiss, K.  and Werts, H.  and Whelan, R.  and Williams, S.  and Yacubian, J.  and Ziesch, V.  and Zilbovicius, M.  and Wong, C. P.  and Lubbe, S.  and Martinez-Medina, L.  and Kepa, A.  and Fernandes, A.  and Tahmasebi, A.  and Abrahamowicz, M.  and Gaudet, D.  and Leonard, G.  and Perron, M.  and Richer, L.  and Seguin, J.  and Veillette, S. ",
   Title="{{C}ommon genetic variants influence human subcortical brain structures}",
   Journal="Nature",
   Year="2015",
   Volume="520",
   Number="7546",
   Pages="224--229",
   Month="Apr",
   Abstract={The highly complex structure of the human brain is strongly shaped by genetic influences. Subcortical brain regions form circuits with cortical areas to coordinate movement, learning, memory and motivation, and altered circuits can lead to abnormal behaviour and disease. To investigate how common genetic variants affect the structure of these brain regions, here we conduct genome-wide association studies of the volumes of seven subcortical regions and the intracranial volume derived from magnetic resonance images of 30,717 individuals from 50 cohorts. We identify five novel genetic variants influencing the volumes of the putamen and caudate nucleus. We also find stronger evidence for three loci with previously established influences on hippocampal volume and intracranial volume. These variants show specific volumetric effects on brain structures rather than global effects across structures. The strongest effects were found for the putamen, where a novel intergenic locus with replicable influence on volume (rs945270; P = 1.08 × 10(-33); 0.52% variance explained) showed evidence of altering the expression of the KTN1 gene in both brain and blood tissue. Variants influencing putamen volume clustered near developmental genes that regulate apoptosis, axon guidance and vesicle transport. Identification of these genetic variants provides insight into the causes of variability in human brain development, and may help to determine mechanisms of neuropsychiatric dysfunction.},
   Note={[PubMed Central:\href{http://www.ncbi.nlm.nih.gov/pmc/articles/PMC4393366}{PMC4393366}] [DOI:\href{http://dx.doi.org/10.1038/nature14101}{10.1038/nature14101}] [PubMed:\href{http://www.ncbi.nlm.nih.gov/pubmed/25607358}{25607358}] }
}

 @book{rmanual,
    title = {R: A Language and Environment for Statistical Computing},
    author = {{R Development Core Team}},
    publisher = {R Foundation for Statistical Computing},
    address = {Vienna, Austria},
    year = {2008},
    note = {{ISBN} 3-900051-07-0},
    url = {http://www.R-project.org},
  }
  
@book{bashmanual,
 author = {Burtch, Ken O},
 title = {Linux Shell Scripting with Bash},
 year = {2004},
 isbn = {0672326426},
 publisher = {Sams Publishing},
 address = {Carmel, Indiana}
} 

@book{MATLAB:2010,
year = {2010},
author = {MATLAB},
title = {version 7.10.0 (R2010a)},
publisher = {The MathWorks Inc.},
address = {Natick, Massachusetts},
Note={[PubMed Central:\href{http://www.ncbi.nlm.nih.gov/pmc/articles/PMC3685476}{PMC3685476}]}
}

% 22248573 
@Article{fischl2012,
   Author="Fischl, B. ",
   Title="{{F}ree{S}urfer}",
   Journal="Neuroimage",
   Year="2012",
   Volume="62",
   Number="2",
   Pages="774--781",
   Month="Aug",
   Abstract={FreeSurfer is a suite of tools for the analysis of neuroimaging data that provides an array of algorithms to quantify the functional, connectional and structural properties of the human brain. It has evolved from a package primarily aimed at generating surface representations of the cerebral cortex into one that automatically creates models of most macroscopically visible structures in the human brain given any reasonable T1-weighted input image. It is freely available, runs on a wide variety of hardware and software platforms, and is open source.},
   Note={[PubMed Central:\href{http://www.ncbi.nlm.nih.gov/pmc/articles/PMC3685476}{PMC3685476}] [DOI:\href{http://dx.doi.org/10.1016/j.neuroimage.2012.01.021}{10.1016/j.neuroimage.2012.01.021}] [PubMed:\href{http://www.ncbi.nlm.nih.gov/pubmed/22248573}{22248573}] }
}

% 21979382 
@Article{jenkinson2012,
   Author="Jenkinson, M.  and Beckmann, C. F.  and Behrens, T. E.  and Woolrich, M. W.  and Smith, S. M. ",
   Title="{{F}{S}{L}}",
   Journal="Neuroimage",
   Year="2012",
   Volume="62",
   Number="2",
   Pages="782--790",
   Month="Aug",
   Abstract={FSL (the FMRIB Software Library) is a comprehensive library of analysis tools for functional, structural and diffusion MRI brain imaging data, written mainly by members of the Analysis Group, FMRIB, Oxford. For this NeuroImage special issue on "20 years of fMRI" we have been asked to write about the history, developments and current status of FSL. We also include some descriptions of parts of FSL that are not well covered in the existing literature. We hope that some of this content might be of interest to users of FSL, and also maybe to new research groups considering creating, releasing and supporting new software packages for brain image analysis.},
   Note={[DOI:\href{http://dx.doi.org/10.1016/j.neuroimage.2011.09.015}{10.1016/j.neuroimage.2011.09.015}] [PubMed:\href{http://www.ncbi.nlm.nih.gov/pubmed/21979382}{21979382}] }
}
